<?xml version="1.0" encoding="UTF-8"?><collection xmlns="http://www.loc.gov/MARC21/slim"><record><leader>00628nam--2200217-i-4500</leader><controlfield tag="001">000020765</controlfield><controlfield tag="002">20161230</controlfield><controlfield tag="005">20161230201033</controlfield><controlfield tag="008">060222s1000------------r-----000-0-eng-d</controlfield><datafield ind1=" " ind2=" " tag="020"><subfield code="a">3110144670</subfield></datafield><datafield ind1=" " ind2=" " tag="040"><subfield code="a">IFIN-HH</subfield></datafield><datafield ind1=" " ind2=" " tag="080"><subfield code="a">539.074</subfield></datafield><datafield ind1="1" ind2=" " tag="100"><subfield code="a">Poenaru, Dorin</subfield></datafield><datafield ind1="1" ind2="0" tag="245"><subfield code="a">Experimental techniques in nuclear physics</subfield><subfield code="c">DORIN POENARU; WALTER GREINER (Eds.)</subfield></datafield><datafield ind1=" " ind2=" " tag="260"><subfield code="a">NEW YORK</subfield><subfield code="b">Walter De Gruyter</subfield><subfield code="c">1997</subfield></datafield><datafield ind1=" " ind2=" " tag="300"><subfield code="a">649 P</subfield></datafield><datafield ind1=" " ind2=" " tag="504"><subfield code="a">Dedicatie Pentru Biblioteca</subfield></datafield><datafield ind1=" " ind2="4" tag="650"><subfield code="a">Nuclear Physics - Experiments - Techniques</subfield></datafield><datafield ind1="1" ind2=" " tag="700"><subfield code="a">Greiner, Walter</subfield><subfield code="e">Ed</subfield></datafield><datafield ind1=" " ind2=" " tag="852"><subfield code="a">80809</subfield><subfield code="c">539</subfield></datafield><datafield ind1=" " ind2=" " tag="CAT"><subfield code="a">Sys</subfield><subfield code="c">20120326</subfield><subfield code="h">114923</subfield></datafield></record></collection>